<?xml version="1.0" encoding="UTF-8"?><collection xmlns="http://www.loc.gov/MARC21/slim"><record><leader>00417nam--2200157-i-4500</leader><controlfield tag="001">000020692</controlfield><controlfield tag="002">20161230</controlfield><controlfield tag="005">20161230201033</controlfield><controlfield tag="008">060222s1000------------r-----000-0-eng-d</controlfield><datafield ind1=" " ind2=" " tag="020"><subfield code="a">3-540-57</subfield></datafield><datafield ind1=" " ind2=" " tag="080"><subfield code="a">539.124.6:544.431.13</subfield></datafield><datafield ind1=" " ind2=" " tag="100"><subfield code="a">O.E.Mogensen</subfield></datafield><datafield ind1=" " ind2=" " tag="245"><subfield code="a">Positron annihilation in chemistry</subfield></datafield><datafield ind1=" " ind2=" " tag="260"><subfield code="a">Berlin, Springer-verlag, 1995 268 P</subfield></datafield><datafield ind1=" " ind2=" " tag="490"><subfield code="a">Springer Series In Chemical Physics</subfield></datafield><datafield ind1=" " ind2=" " tag="852"><subfield code="a">46905</subfield></datafield></record></collection>